@misc{OHSU-overleaf-dissertation-template,
  title = {OHSU LaTeX Dissertation Template},
  author = {Cordier, B. A.},
  year = {2021},
  note = {Available on Overleaf},
  url = {https://github.com/greenstick/ohsu-dissertation-template},
  doi = {}
}